<record><leader>00000cas a22000007a 4500</leader><controlfield tag="001">20373133</controlfield><controlfield tag="008">890920d19531973mduwr ne      0    0eng d</controlfield><datafield ind1=" " ind2=" " tag="010"><subfield code="a">sn 89060128 </subfield></datafield><datafield ind1=" " ind2=" " tag="040"><subfield code="a">MFN</subfield><subfield code="b">eng</subfield><subfield code="c">MFN</subfield><subfield code="d">OCLCQ</subfield></datafield><datafield ind1=" " ind2=" " tag="042"><subfield code="a">msc</subfield></datafield><datafield ind1=" " ind2="4" tag="050"><subfield code="a">AN41.96</subfield><subfield code="b">.D4</subfield></datafield><datafield ind1="0" ind2=" " tag="130"><subfield code="a">Worcester Democrat (Pocomoke City, Md. : 1953)</subfield></datafield><datafield ind1="1" ind2="0" tag="245"><subfield code="a">Worcester Democrat.</subfield></datafield><datafield ind1=" " ind2=" " tag="260"><subfield code="a">Pocomoke City, Md. :</subfield><subfield code="b">Elmer M. Jackson</subfield></datafield><datafield ind1=" " ind2=" " tag="300"><subfield code="a">v.</subfield></datafield><datafield ind1=" " ind2=" " tag="310"><subfield code="a">Weekly</subfield></datafield><datafield ind1="0" ind2=" " tag="362"><subfield code="a">Vol. 73, no. 40 (Oct. 1, 1953)-v. 105, no. 2 (Feb. 22, 1973).</subfield></datafield><datafield ind1=" " ind2=" " tag="752"><subfield code="a">United States</subfield><subfield code="b">Maryland</subfield><subfield code="c">Worcester</subfield><subfield code="d">Pocomoke City.</subfield></datafield><datafield ind1="0" ind2="0" tag="780"><subfield code="t">Worcester Democrat and the ledger-enterprise</subfield><subfield code="w">(DLC)sn 89060127</subfield></datafield><datafield ind1="0" ind2="7" tag="785"><subfield code="t">Democratic messenger (Snow Hill, Md.)</subfield><subfield code="w">(DLC)sn 84026758</subfield></datafield><datafield ind1="0" ind2="7" tag="785"><subfield code="t">Worcester County messenger</subfield><subfield code="w">(DLC)sn 89060016</subfield></datafield></record>